@article{geospatial,
    author = {Yuncheng Lu and Zhucun Xue and Gui-Song Xia and Liangpei Zhang},
    title = {A survey on vision-based UAV navigation},
    journal = {Geo-spatial Information Science},
    volume = {21},
    number = {1},
    pages = {21-32},
    year  = {2018},
    publisher = {Taylor & Francis},
    doi = {10.1080/10095020.2017.1420509},
}
 
@inproceedings{slamproblem,
    author = {Aulinas, Josep and Petillot, Yvan and Salvi, Joaquim and Llado, Xavier},
    year = {2008},
    month = {01},
    pages = {363-371},
    title = {The SLAM problem: a survey},
    volume = {184},
    journal = {Frontiers in Artificial Intelligence and Applications},
    doi = {10.3233/978-1-58603-925-7-363}
}

@INPROCEEDINGS{6385934,
  author={F. {Fraundorfer} and L. {Heng} and D. {Honegger} and G. H. {Lee} and L. {Meier} and P. {Tanskanen} and M. {Pollefeys}},
  booktitle={2012 IEEE/RSJ International Conference on Intelligent Robots and Systems},
  title={Vision-based autonomous mapping and exploration using a quadrotor MAV},
  year={2012},
  volume={},
  number={},
  pages={4557-4564},
  doi={10.1109/IROS.2012.6385934}
}

@ARTICLE{982903,
  author={G. N. {Desouza} and A. C. {Kak}},
  journal={IEEE Transactions on Pattern Analysis and Machine Intelligence}, 
  title={Vision for mobile robot navigation: a survey}, 
  year={2002},
  volume={24},
  number={2},
  pages={237-267},
  doi={10.1109/34.982903}
}

@INPROCEEDINGS{341094,
  author={J. {Santos-Victor} and G. {Sandini} and F. {Curotto} and S. {Garibaldi}},
  booktitle={Proceedings of IEEE Conference on Computer Vision and Pattern Recognition}, 
  title={Divergent stereo for robot navigation: learning from bees}, 
  year={1993},
  volume={},
  number={},
  pages={434-439},
  doi={10.1109/CVPR.1993.341094}
}

@INPROCEEDINGS{6564752,
  author={H. {Chao} and Y. {Gu} and M. {Napolitano}},
  booktitle={2013 International Conference on Unmanned Aircraft Systems (ICUAS)}, 
  title={A survey of optical flow techniques for UAV navigation applications}, 
  year={2013},
  volume={},
  number={},
  pages={710-716},
  doi={10.1109/ICUAS.2013.6564752}
}
